% Encoding: UTF-8

\Sort{
  Mode{on}
  Collation{mixed}
  SortTypeOrder{name}
  NameOrder{ascending}
  StringSort{ascending}
}

@Article{Edgeworth1918,
  author  = {Edgeworth, F. Y.},
  title   = {On the Value of a Mean as Calculated from a Sample},
  journal = {Journal of the Royal Statistical Society},
  year    = {1918},
  volume  = {81},
  number  = {4},
  pages   = {624-632},
  month   = {Jul.},
}

@Article{K.Krishnamoorthy2002,
  author  = {K. Krishnamoorthy i Jessica Thomson},
  title   = {Hypothesis Testing about Proportions in Two Finite Populations},
  journal = {The American Statistician},
  year    = {2002},
  volume  = {56},
  number  = {1},
  pages   = {215-222},
}

@Article{Buonaccorsi1987,
  author  = {Buonaccorsi, J. P.},
  title   = {A Note on Confidence Intervals for Proportions in Finite Populations},
  journal = {The American Statistician},
  year    = {1987},
  volume  = {41},
  number  = {3},
  pages   = {215-218},
}

@Article{Storer1990,
  author  = {Barry E. Storer i Choongrak Kim},
  title   = {Exact properties of some exact test statistics for comparing two binomial proportions},
  journal = {Journal of the American Statistical Association},
  year    = {1990},
  volume  = {85},
  pages   = {146--155},
}

@Book{Lehmann1968,
  title     = {Testowanie hipotez statystycznych},
  publisher = {PWN},
  year      = {1968},
  author    = {Lehmann, E. L.},
}

@Book{Hald2003,
  title     = {A History of Probability and Statistics and Their Applications before 1750},
  publisher = {Wiley Interscience},
  year      = {2003},
  author    = {A. Hald},
}

@Comment{jabref-meta: databaseType:bibtex;}
