% Encoding: UTF-8

@Article{Edgeworth1918,
  author  = {F. Y. Edgeworth},
  title   = {On the Value of a Mean as Calculated from a Sample},
  journal = {Journal of the Royal Statistical Society},
  year    = {1918},
  volume  = {81},
  number  = {4},
  pages   = {624-632},
  month   = {Jul.},
}

@Article{K.Krishnamoorthy2002,
  author  = {K. Krishnamoorthy, J. Thomson},
  title   = {Hypothesis Testing about Proportions in Two Finite Populations},
  journal = {The American Statistician},
  year    = {2002},
  volume  = {56},
  number  = {1},
  pages   = {215-222},
}

@Article{Buonaccorsi1987,
  author  = {J. P. Buonaccorsi},
  title   = {A Note on Confidence Intervals for Proportions in Finite Populations},
  journal = {The American Statistician},
  year    = {1987},
  volume  = {41},
  number  = {3},
  pages   = {215-218},
}

@Comment{jabref-meta: databaseType:bibtex;}
